

@book{mitradspbook,
  author = "Sanjit K. Mitra",
  title = "Digital Signal Processing: A Computer-Based Approach",
  ISBN = "0-07-042953-7",
  publisher = "McGraw-Hill series in electrical and computer engineering",
  year = "1998"
}

@book{haykinneurobook,
  author = "Simon Haykin",
  title = "Neural Networks: A Comprehensive Foundation",
  ISBN = "0-13-908385-5",
  publisher = "Prentice-Hall International",
  edition = "2nd.",
  year = "1999"
}

@book{discretemathbook,
  author = "Kenneth B. Moore",
  title = "Discrete Mathematics Research Progress",
  ISBN = "978-1604561234",
  publisher = "Nova Science Publishers Inc.",
  year = "2008"
}

@book{fractalgeometrybook,
  author = "Kenneth Falconer",
  title = "Fractal Geometry: Mathematical Foundations and Applications",
  ISBN = "978-0-470-84861-6",
  publisher = "John Wiley \& Sons Ltd.",
  edition = "2nd.",
  year = "2003"
}

@book{nonstandardanalysisbook,
  author = "Abraham Robinson",
  title = "Non-Standard Analysis, revised edition",
  publisher = "Princeton University Press",
  year = "1996"
}

@incollection{hyperrealarticle,
  author = "H. J. Keisler",
  title = "The Hyperreal Line",
  booktitle = "Real Numbers, Generalizations, of the Reals, and Theories of Continua",
  publisher = "Springer",
  year = "1994",
  volume = "242",
  ISBN = "978-94-015-8248-3",
  doi = "10.1007/978-94-015-8248-3_8"
}

@article{complexgradientarticle,
  author = "Ken Kreutz-Delgado",
  title  = "The Complex Gradient Operator and the CR-Calculus",
  journal = "arXiv.org preprint 0906.4835v1",
  year = "2009"
}

@book{complexneuralnetworksbook,
  author = "Akira Hirose",
  title = "Complex-Valued Neural Networks: Theories and Applications",
  ISBN = "978-9812384645",
  publisher = "World Scientific Publishing Cp. Ptd. Ltd.",
  year = "2003"
}

@inproceedings{complexnnarticle1:1993:ICJNN,
  author = "T. Nitta",
  title  = "A back-propagation algorithm for complex numbered neural networks",
  crossref = "1993:ICJNN",
  doi = "10.1109/IJCNN.1993.716968",
  year = "1993"
}

@proceedings{1993:ICJNN,
  booktitle = "Proceedings of 1993 International Conference on Neural Networks",
  ISBN = "0-7803-1421-2",
  venue = "Nagoya, Japan",
  publisher = "IEEE",
  year = "1993"
}


@inproceedings{complexnnarticle2:2018:SICE,
  author = "Kanta Tachibana and Kentaro Otsuka",
  title  = "Wind Prediction Performance Of Complex Neural Network with ReLU Activation Function",
  crossref = "2018:SICE",
  doi = "10.23919/SICE.2018.8492660",
  year = "2018"
}

@proceedings{2018:SICE,
  booktitle = "2018 57th Annual Conference of the Society of Instrument and Control Engineers of Japan",
  ISBN = "978-4-90776-60-9",
  venue = "Nara, Japan",
  publisher = "IEEE",
  year = "2018"
}


@inproceedings{quaternionnnarticle:2018:ICJNN,
  author = "Chase J. Gaudet and Anthony S. Maida",
  title  = "Deep Quaternion Networks",
  crossref = "2018:ICJNN",
  doi = "10.1109/IJCNN.2018.8489651",
  year = "2018"
}

@proceedings{2018:ICJNN,
  booktitle = "2018 International Joint Conference on Neural Networks",
  ISBN = "978-1-5090-6014-6",
  ISSN = "2161-4407",
  venue = "Rio de Janeiro, Brazil",
  publisher = "IEEE",
  year = "2018"
}




@article{dropoutarticle,
  author = "Nitish Srivastava and Geoffrey Hinton and Alex Krizhevsky and Ilya Sutskever and Ruslan Salakhutdinov",
  title  = "Dropout: a simple way to prevent neural networks from overfitting",
  journal = "The Journal of Machine Learning Research",
  year = "2014",
  volume = "15",
  number = "1",  
  pages = "1929-1958"
  }


@article{reluarticle1,
  author = "Richard Hahnloser and Rahul Sarpeshkar and Misha Mahowald and Rodney Douglas and H. Sebastian Seung",
  title  = "Digital selection and analogue amplification coexist in a cortex-inspired silicon circuit",
  journal = "Nature",
  year = "2000",
  volume = "405",
  number = "6789",  
  pages = "947-951"
}

@inproceedings{reluarticle2:2011:AISTATS,
  author = "Xavier Glorot and Antoine Bordes and Yoshua Bengio",
  title  = "Deep Sparse Rectifier Neural Networks",
  crossref = "2011:AISTATS",
  year = "2011"
}

@proceedings{2011:AISTATS,
  booktitle = "Proceedings of the 14th International Conference on Artificial Intelligence and Statistics (AISTATS)",
  venue = "Fort Lauderdale, FL, USA",
  year = "2011"
}


